<record><leader>00000cas a22000007a 4500</leader><controlfield tag="001">23997648</controlfield><controlfield tag="008">910627d18361836ohuwr ne      0    0eng d</controlfield><datafield ind1=" " ind2=" " tag="010"><subfield code="a">sn 91069985 </subfield></datafield><datafield ind1=" " ind2=" " tag="040"><subfield code="a">ONP</subfield><subfield code="b">eng</subfield><subfield code="c">ONP</subfield><subfield code="d">OCLCQ</subfield></datafield><datafield ind1=" " ind2=" " tag="042"><subfield code="a">msc</subfield></datafield><datafield ind1="0" ind2="0" tag="245"><subfield code="a">Bellefontaine gazette and Logan County advertiser.</subfield></datafield><datafield ind1=" " ind2=" " tag="260"><subfield code="a">Bellefontaine, Ohio :</subfield><subfield code="b">H.B. Strother</subfield></datafield><datafield ind1=" " ind2=" " tag="300"><subfield code="a">v.</subfield></datafield><datafield ind1=" " ind2=" " tag="310"><subfield code="a">Weekly</subfield></datafield><datafield ind1="1" ind2=" " tag="362"><subfield code="a">Began in 1836; ceased in 1836.</subfield></datafield><datafield ind1=" " ind2=" " tag="588"><subfield code="a">Description based on: Vol. 5, no. 46 (Jan. 30, 1836).</subfield></datafield><datafield ind1=" " ind2=" " tag="752"><subfield code="a">United States</subfield><subfield code="b">Ohio</subfield><subfield code="c">Logan</subfield><subfield code="d">Bellefontaine.</subfield></datafield><datafield ind1="0" ind2="0" tag="780"><subfield code="t">Gazette (Bellefontaine, Ohio : 1831)</subfield><subfield code="w">(DLC)sn 87060329</subfield></datafield><datafield ind1="0" ind2="0" tag="785"><subfield code="t">Bellefontaine (Ohio) gazette. and Logan County advertiser</subfield><subfield code="w">(DLC)sn 89060332</subfield></datafield></record>